@misc{zalozba,
  author = {Załožba za serbski lud},
  howpublished = "\url{https://zalozba.de}",
}
@misc{witaj,
  author = {Rěčny centrum Witaj},
  howpublished = "\url{https://www.witaj-sprachzentrum.de/}",
}
@misc{bamborak,
  author = {Korla Baier},
  howpublished = "\url{https://gaussia.de/bamborak}",
  note = "[Online; accessed 07-Februar-2025]"
}
@misc{soblex,
  author = {Bernhard Baier},
  howpublished = "\url{https://soblexx.de}",
  note = "[Online; accessed 07-Februar-2025]"
}
@article{shannon1948communication,
  author = {Claude E. Shannon},
  title = {A Mathematical Theory of Communication},
  journal = {Bell System Technical Journal},
  year = 1948,
  volume = {27},
  number = {3},
  pages = {379-423},
}
