@misc{bamborak,
  author = {Korla Baier},
  title = {{bamborak website}},
  howpublished = "\url{https://gaussia.de/bamborak}",
  year = {2024}, 
  note = "[Online; accessed 07-Februar-2025]"
}
@article{shannon1948communication,
  author = {Claude E. Shannon},
  title = {A Mathematical Theory of Communication},
  journal = {Bell System Technical Journal},
  year = 1948,
  volume = {27},
  number = {3},
  pages = {379-423},
}
